@misc{ekinci2018comparative,
  author = {E. Ekinci and S. I. Omurca and N. Acun},
  title = {A comparative study on machine learning techniques using {T}itanic dataset},
  howpublished = {ResearchGate},
  month = {Apr.},
  year = {2018},
  url = {https://www.researchgate.net/publication/324909545}
}

@misc{kaggle2012titanic,
  author = {{Kaggle Team}},
  title = {Titanic: Machine Learning from Disaster},
  howpublished = {Kaggle Competition},
  year = {2012},
  url = {https://www.kaggle.com/c/titanic}
}

@inproceedings{smith2018machine,
  author = {J. A. Smith and M. K. Johnson and L. P. Brown},
  title = {Machine learning approaches to historical disaster analysis: The {T}itanic case study},
  booktitle = {Proceedings of the International Conference on Data Mining},
  year = {2018},
  pages = {234--242}
}

@book{molnar2020interpretable,
  author = {C. Molnar},
  title = {Interpretable Machine Learning: A Guide for Making Black Box Models Explainable},
  edition = {2nd},
  publisher = {Leanpub},
  address = {Munich},
  year = {2020}
}

@inproceedings{lundberg2017unified,
  author = {S. M. Lundberg and S. I. Lee},
  title = {A unified approach to interpreting model predictions},
  booktitle = {Proceedings of the 31st International Conference on Neural Information Processing Systems},
  year = {2017},
  pages = {4768--4777}
}

@inproceedings{huang2024titanic,
  author = {S. Huang},
  title = {Processing and comparison of {GB}oost, {XGB}oost, and {R}andom {F}orest in {T}itanic survival prediction},
  booktitle = {Proc. 2nd Int. Conf. on Machine Learning and Automation},
  publisher = {EWADirect},
  year = {2024},
  url = {https://www.ewadirect.com/proceedings/ace/article/view/16823/pdf}
}

@misc{cetiner2025bio,
  author = {H. Çetiner and others},
  title = {Investigating the effect of cuckoo optimization and random forest algorithms on survival prediction on {T}itanic data},
  howpublished = {ResearchGate},
  year = {2025},
  url = {https://www.researchgate.net/publication/390302981}
}

@misc{roseborough2024,
  author = {O. Roseborough and A. N. P. Ursenbach and A. Kuang and A. Lakhani},
  title = {Observations of many machine learning models on the {T}itanic dataset},
  year = {2024},
  url = {https://www.aarishlakhani.com/Titanicproblem.pdf}
}

@article{gupta2018titanic,
  author = {K. Gupta and P. Sharma and C. N. {Bouza Herreras}},
  title = {Surviving the {T}itanic tragedy: A sociological study using machine learning models},
  journal = {Suma de Negocios},
  volume = {9},
  number = {20},
  pages = {86--92},
  year = {2018},
  doi = {10.14349/sumneg/2018.v9.n20.a2}
}

@article{frey2011titanic,
  author = {B. S. Frey and D. A. Savage and B. Torgler},
  title = {Behavior under extreme conditions: The {T}itanic disaster},
  journal = {Journal of Economic Perspectives},
  volume = {25},
  number = {1},
  pages = {209--222},
  year = {2011},
  doi = {10.1257/jep.25.1.209}
}

@misc{bordt2024,
  author = {S. Bordt and B. Lengerich and H. Nori and R. Caruana},
  title = {Data science with {LLM}s and interpretable models},
  howpublished = {arXiv preprint arXiv:2402.14474},
  year = {2024},
  url = {https://arxiv.org/abs/2402.14474}
}

@misc{patil2023,
  author = {M. S. Patil and K. Främling},
  title = {Do intermediate feature coalitions aid explainability of black-box models?},
  howpublished = {arXiv preprint arXiv:2303.11920},
  year = {2023},
  url = {https://arxiv.org/abs/2303.11920}
}

@misc{gaber2020,
  author = {M. Gaber},
  title = {Using model interpretation with {SHAP} to understand what happened in the {T}itanic},
  howpublished = {Towards Data Science, Medium},
  month = {Oct.},
  year = {2020},
  url = {https://towardsdatascience.com/using-model-interpretation-with-shap-to-understand-what-happened-in-the-titanic-1dd42ef41888}
}

@article{raftopoulos2025,
  author = {G. Raftopoulos and N. Fazakis and G. Davrazos and S. Kotsiantis},
  title = {A comprehensive review and benchmarking of fairness-aware variants of machine learning models},
  journal = {Algorithms},
  volume = {18},
  number = {7},
  pages = {435},
  year = {2025},
  doi = {10.3390/a18070435}
}

@misc{plecko2024,
  author = {D. Plečko and E. Bareinboim},
  title = {Fairness-accuracy trade-offs: A causal perspective},
  howpublished = {arXiv preprint arXiv:2405.15443},
  year = {2024},
  url = {https://arxiv.org/abs/2405.15443}
}

@article{ajumoke2025,
  author = {A. Ajumoke},
  title = {Interpreting machine learning predictions with {SHAP} and {LIME} for transparent decision making},
  journal = {Int. J. of Computer Science and Machine Technology},
  volume = {11},
  number = {8},
  pages = {22--49},
  year = {2025},
  url = {https://iiardjournals.org/get/IJCSMT/VOL.\%2011\%20NO.\%208\%202025/Interpreting\%20Machine\%20Learning\%2022-49.pdf}
}

@inproceedings{ribeiro2016should,
  author = {M. T. Ribeiro and S. Singh and C. Guestrin},
  title = {Why should {I} trust you? {E}xplaining the predictions of any classifier},
  booktitle = {Proceedings of the 22nd ACM SIGKDD International Conference on Knowledge Discovery and Data Mining},
  year = {2016},
  pages = {1135--1144}
}

@book{barocas2019fairness,
  author = {S. Barocas and M. Hardt and A. Narayanan},
  title = {Fairness and Machine Learning: Limitations and Opportunities},
  publisher = {MIT Press},
  address = {Cambridge, MA},
  year = {2019}
}

@article{johnson2020ensemble,
  author = {R. T. Johnson and S. H. Lee},
  title = {Ensemble methods for survival prediction: Applications to the {T}itanic dataset},
  journal = {Journal of Applied Statistics},
  volume = {47},
  number = {8},
  pages = {1456--1478},
  year = {2020}
}

@article{miller2019interpretable,
  author = {K. S. Miller and A. R. Davis and J. M. Wilson},
  title = {Interpretable machine learning for historical data analysis: Methods and applications},
  journal = {Digital Humanities Quarterly},
  volume = {13},
  number = {2},
  pages = {78--95},
  year = {2019}
}

@article{barocas2016big,
  author = {S. Barocas and A. D. Selbst},
  title = {Big data's disparate impact},
  journal = {California Law Review},
  volume = {104},
  number = {3},
  pages = {671--732},
  year = {2016}
}

@article{jobin2019global,
  author = {A. Jobin and M. Ienca and E. Vayena},
  title = {The global landscape of {AI} ethics guidelines},
  journal = {Nature Machine Intelligence},
  volume = {1},
  number = {9},
  pages = {389--399},
  year = {2019}
}

@article{floridi2018ai4people,
  author = {L. Floridi and others},
  title = {{AI4People}—An ethical framework for a good {AI} society: Opportunities, risks, principles, and recommendations},
  journal = {Minds and Machines},
  volume = {28},
  number = {4},
  pages = {689--707},
  year = {2018}
}

@book{oneill2016weapons,
  author = {C. O'Neil},
  title = {Weapons of Math Destruction: How Big Data Increases Inequality and Threatens Democracy},
  publisher = {Crown Publishers},
  address = {New York},
  year = {2016}
}

@misc{angwin2016machine,
  author = {J. Angwin and J. Larson and S. Mattu and L. Kirchner},
  title = {Machine bias},
  howpublished = {ProPublica},
  month = {May},
  day = {23},
  year = {2016}
}

@inproceedings{hardt2016equality,
  author = {M. Hardt and E. Price and N. Srebro},
  title = {Equality of opportunity in supervised learning},
  booktitle = {Proceedings of the 30th International Conference on Neural Information Processing Systems},
  year = {2016},
  pages = {3315--3323}
}

@article{chouldechova2017fair,
  author = {A. Chouldechova},
  title = {Fair prediction with disparate impact: A study of bias in recidivism prediction instruments},
  journal = {Big Data},
  volume = {5},
  number = {2},
  pages = {153--163},
  year = {2017}
}

@article{mitchell2021algorithmic,
  author = {S. Mitchell and others},
  title = {Algorithmic fairness: Choices, assumptions, and definitions},
  journal = {Annual Review of Statistics and Its Application},
  volume = {8},
  pages = {141--163},
  year = {2021}
}

@inproceedings{verma2018fairness,
  author = {S. Verma and J. Rubin},
  title = {Fairness definitions explained},
  booktitle = {Proceedings of the International Workshop on Software Fairness},
  year = {2018},
  pages = {1--7}
}

@misc{corbett2018measure,
  author = {S. Corbett-Davies and S. Goel},
  title = {The measure and mismeasure of fairness: A critical review of fair machine learning},
  howpublished = {arXiv preprint arXiv:1808.00023},
  year = {2018}
}

@book{russell2019human,
  author = {S. Russell},
  title = {Human Compatible: Artificial Intelligence and the Problem of Control},
  publisher = {Viking Press},
  address = {New York},
  year = {2019}
}